<?xml version="1.0" encoding="UTF-8"?><record xmlns="http://www.loc.gov/MARC21/slim" xmlns:cinclude="http://apache.org/cocoon/include/1.0" xmlns:zs="http://www.loc.gov/zing/srw/">
  <leader>00664cz  a2200181n  4500</leader>
  <controlfield tag="001">nr 90019967 </controlfield>
  <controlfield tag="003">DLC</controlfield>
  <controlfield tag="005">20080924080932.0</controlfield>
  <controlfield tag="008">901005n| acannaabn          |b aaa      </controlfield>
  <datafield tag="010" ind1=" " ind2=" ">
    <subfield code="a">nr 90019967 </subfield>
  </datafield>
  <datafield tag="035" ind1=" " ind2=" ">
    <subfield code="a">(OCoLC)oca02831418</subfield>
  </datafield>
  <datafield tag="040" ind1=" " ind2=" ">
    <subfield code="a">DLC-R</subfield>
    <subfield code="b">eng</subfield>
    <subfield code="c">DLC-R</subfield>
    <subfield code="d">OCoLC</subfield>
  </datafield>
  <datafield tag="100" ind1="1" ind2=" ">
    <subfield code="a">Tamaoki, Yoshiki,</subfield>
    <subfield code="d">1945-</subfield>
  </datafield>
  <datafield tag="400" ind1="1" ind2=" ">
    <subfield code="a">玉置吉喜,</subfield>
    <subfield code="d">1945-</subfield>
  </datafield>
  <datafield tag="667" ind1=" " ind2=" ">
    <subfield code="a">Machine-derived non-Latin script reference project.</subfield>
  </datafield>
  <datafield tag="667" ind1=" " ind2=" ">
    <subfield code="a">Non-Latin script reference not evaluated.</subfield>
  </datafield>
  <datafield tag="670" ind1=" " ind2=" ">
    <subfield code="a">His Asu no kansei senryaku, 1989:</subfield>
    <subfield code="b">t.p. (Tamaoki Yoshiki) jkt. (b. Shōwa 20; pres., Kokusai Kikaku; sp.: management)</subfield>
  </datafield>
  <datafield tag="670" ind1=" " ind2=" ">
    <subfield code="a">Nihon choshamei sōmokuroku, 87/88</subfield>
    <subfield code="b">(Tamaoki Yoshiki)</subfield>
  </datafield>
</record>